@article{hierholzer1873moglichkeit,
    title={{\"U}ber die {M}{\"o}glichkeit, einen {L}inienzug ohne {W}iederholung und ohne {U}nterbrechung zu umfahren},
    author={Hierholzer, Carl and Wiener, Chr},
    journal={Mathematische Annalen},
    volume={6},
    number={1},
    pages={30--32},
    year={1873},
    publisher={Springer-Verlag}
}

@article{tarjan1977finding,
    title={Finding a maximum independent set},
    author={Tarjan, Robert Endre and Trojanowski, Anthony E},
    journal={SIAM Journal on Computing},
    volume={6},
    number={3},
    pages={537--546},
    year={1977},
    publisher={SIAM}
}

@article{tarjan1972depth,
    title={Depth-first search and linear graph algorithms},
    author={Tarjan, Robert},
    journal={SIAM journal on computing},
    volume={1},
    number={2},
    pages={146--160},
    year={1972},
    publisher={SIAM}
}

@article{tarjan1985decomposition,
    title={Decomposition by clique separators},
    author={Tarjan, Robert E},
    journal={Discrete mathematics},
    volume={55},
    number={2},
    pages={221--232},
    year={1985},
    publisher={North-Holland}
}

@article{lipton1979separator,
    title={A separator theorem for planar graphs},
    author={Lipton, Richard J and Tarjan, Robert Endre},
    journal={SIAM Journal on Applied Mathematics},
    volume={36},
    number={2},
    pages={177--189},
    year={1979},
    publisher={SIAM}
}

@article{hopcroft1973dividing,
    title={Dividing a graph into triconnected components},
    author={Hopcroft, John E and Tarjan, Robert Endre},
    journal={SIAM Journal on Computing},
    volume={2},
    number={3},
    pages={135--158},
    year={1973},
    publisher={SIAM}
}

@article{takamizawa1982linear,
    title={Linear-time computability of combinatorial problems on series-parallel graphs},
    author={Takamizawa, Kazuhiko and Nishizeki, Takao and Saito, Nobuji},
    journal={Journal of the ACM (JACM)},
    volume={29},
    number={3},
    pages={623--641},
    year={1982},
    publisher={ACM New York, NY, USA}
}
